<record><leader>00000cas a2200000 a 4500</leader><controlfield tag="001">33946617</controlfield><controlfield tag="008">951220d19271938cauwr ne      0    0eng c</controlfield><datafield ind1=" " ind2=" " tag="010"><subfield code="a">sn 95062205 </subfield></datafield><datafield ind1=" " ind2=" " tag="040"><subfield code="a">CNK</subfield><subfield code="b">eng</subfield><subfield code="c">CNK</subfield><subfield code="d">OCLCQ</subfield><subfield code="d">CNK</subfield><subfield code="d">OCLCQ</subfield><subfield code="d">OCLCF</subfield><subfield code="d">OCLCO</subfield></datafield><datafield ind1="1" ind2=" " tag="029"><subfield code="a">AU@</subfield><subfield code="b">000025873960</subfield></datafield><datafield ind1=" " ind2=" " tag="042"><subfield code="a">pcc</subfield></datafield><datafield ind1=" " ind2=" " tag="043"><subfield code="a">n-us-ca</subfield></datafield><datafield ind1="0" ind2="4" tag="245"><subfield code="a">The enterprise and the South San Francisco journal.</subfield></datafield><datafield ind1=" " ind2=" " tag="260"><subfield code="a">South San Francisco [Calif.] :</subfield><subfield code="b">Concord Pub. Co.</subfield></datafield><datafield ind1=" " ind2=" " tag="300"><subfield code="a">v.</subfield></datafield><datafield ind1=" " ind2=" " tag="310"><subfield code="a">Weekly,</subfield><subfield code="b">Dec. 1, 1933-Oct. 21, 1938</subfield></datafield><datafield ind1=" " ind2=" " tag="321"><subfield code="a">Weekly,</subfield><subfield code="b">Feb. 4, 1927-Nov. 18, 1932</subfield></datafield><datafield ind1=" " ind2=" " tag="321"><subfield code="a">Semiweekly,</subfield><subfield code="b">Nov. 22, 1932-Nov. 24, 1933</subfield></datafield><datafield ind1="0" ind2=" " tag="362"><subfield code="a">Vol. 35, no. 6 (Feb. 4, 1927)-v. 46, no. 42 (Oct. 21, 1938).</subfield></datafield><datafield ind1=" " ind2=" " tag="500"><subfield code="a">"The South San Francisco Journal ... has been merged with the Enterprise"--Feb. 4, 1927.</subfield></datafield><datafield ind1=" " ind2=" " tag="530"><subfield code="a">Master negatives are available for duplication from:</subfield><subfield code="b">California Newspaper Microfilm Archive;</subfield><subfield code="c">positive copies may be purchased by the reel; for further information consult the CNMA at:</subfield><subfield code="u">http://cbsr.ucr.edu</subfield></datafield><datafield ind1=" " ind2="0" tag="651"><subfield code="a">South San Francisco (Calif.)</subfield><subfield code="v">Newspapers.</subfield></datafield><datafield ind1=" " ind2="7" tag="655"><subfield code="a">Newspapers.</subfield><subfield code="2">fast</subfield><subfield code="0">(OCoLC)fst01423814</subfield></datafield><datafield ind1=" " ind2="7" tag="651"><subfield code="a">California</subfield><subfield code="z">South San Francisco.</subfield><subfield code="2">fast</subfield><subfield code="0">(OCoLC)fst01214313</subfield></datafield><datafield ind1=" " ind2=" " tag="752"><subfield code="a">United States</subfield><subfield code="b">California</subfield><subfield code="c">San Mateo</subfield><subfield code="d">South San Francisco.</subfield></datafield><datafield ind1="0" ind2="0" tag="780"><subfield code="t">Enterprise (South San Francisco, Calif. : 1895)</subfield><subfield code="w">(DLC)sn 93051488</subfield></datafield><datafield ind1="0" ind2="0" tag="785"><subfield code="t">Enterprise (South San Francisco, Calif. : 1938)</subfield><subfield code="w">(DLC)sn 93051501</subfield></datafield></record>